@article{Liebermann, 
	author = "Liebermann, D., Katz, L., Hughes, M., Bartlett, R., McClements, J., Franks, I", 
	title = {Advances in the Application of InformationTechnology to Sport Performance}, 
	publisher = "Journal of Sports Sciences, 20,755–769. https://doi.org/10.1080/026404102320675611", 
	year = 2002,
}

@article{Case, 
	author = "Case MA, Burwick HA, Volpp KG, Patel MS.", 
	title = {Accuracy of smartphone applications and wearable devices for tracking physical activity data.}, 
	publisher = "JAMA;313(6):625–6", 
	year = 2015,
}