%%%%%% C &&&&&&&&&&
@article{Case, 
	author = "Case MA, Burwick HA, Volpp KG, Patel MS.", 
	title = {Accuracy of smartphone applications and wearable devices for tracking physical activity data.}, 
	publisher = "JAMA;313(6):625–6", 
	year = 2015,
}

@article{Vapnik, 
	author = "C. Cortes and V. Vapnik", 
	title = {Support-vector networks.}, 
	publisher = "Machine Learning, 20:273–297", 
	year = 1995,
}


%%%%%% H &&&&&&&&&&
@article{Hsu, 
	author = "Hsu, C.-W., Chang, C.-C., and Lin, C.-J.", 
	title = {A practical guide to support vector classification.}, 
	publisher = "Tech. rep., Department of Computer Science, National Taiwan University", 
	year = 2003,
}


%%%%%% L &&&&&&&&&&
@article{Liebermann, 
	author = "Liebermann, D., Katz, L., Hughes, M., Bartlett, R., McClements, J., Franks, I", 
	title = {Advances in the Application of InformationTechnology to Sport Performance}, 
	publisher = "Journal of Sports Sciences, 20,755–769. https://doi.org/10.1080/026404102320675611", 
	year = 2002,
}

%%%%%%%% N %%%%%%%
@misc{nnetworks,
   author = "Scikit-learn developers",
   title = "Neural networks",
   year = "2017",
   url = "\url{http://scikit-learn.org/stable/modules/neural_networks_supervised.html}",
   note = "[Online; accessed 3-June-2017]"
 }

%%%%%%% RR%%%%%%%

 @misc{rapidminer,
   author = "RapidMiner",
   title = "RapidMiner",
   year = "2017",
   url = "\url{https://rapidminer.com/}",
   note = "[Online; accessed 29-May-2017]"
 }

%%%%%% S &&&&&&&&&&
@misc{SciDev,
   author = "Scikit-learn developers",
   title = "Support Vector Machines",
   year = "2017",
   url = "\url{http://scikit-learn.org/0.16/modules/svm.html#svm}",
   note = "[Online; accessed 29-May-2017]"
 }

%%%%%% W &&&&&&&&&&
@misc{Wiki_svm,
   author = "Wikipedia",
   title = "Support vector machine --- Wikipedia{,} The Free Encyclopedia",
   year = "2017",
   url = "\url{https://en.wikipedia.org/w/index.php?title=Support_vector_machine&oldid=781752115}",
   note = "[Online; accessed 29-May-2017]"
 }
 
